<?xml version="1.0" encoding="UTF-8"?>
<OAI-PMH xmlns="http://www.openarchives.org/OAI/2.0/" xmlns:xsi="http://www.w3.org/2001/XMLSchema-instance" xsi:schemaLocation="http://www.openarchives.org/OAI/2.0/ http://www.openarchives.org/OAI/2.0/OAI-PMH.xsd">
  <ListRecords>
    <record>
      <header>
        <identifier>aleph-publish:001147030</identifier>
      </header>
      <metadata>
        <record xmlns="http://www.ddb.de/professionell/mabxml/mabxml-1.xsd">
          <leader>00568vM2.01200024------h</leader>
          <controlfield tag="LDR">00568vM2.01200024------h</controlfield>
          <controlfield tag="FMT">MH</controlfield>
          <datafield tag="001" ind1="-" ind2="1">
            <subfield code="a">HT003109553</subfield>
          </datafield>
          <datafield tag="002" ind1="a" ind2="1">
            <subfield code="a">19880622</subfield>
          </datafield>
          <datafield tag="003" ind1="-" ind2="1">
            <subfield code="a">20070119</subfield>
          </datafield>
          <datafield tag="025" ind1="o" ind2="1">
            <subfield code="a">230434370</subfield>
          </datafield>
          <controlfield tag="030">a|1uc||||||37</controlfield>
          <datafield tag="036" ind1="a" ind2="1">
            <subfield code="a">US</subfield>
          </datafield>
          <controlfield tag="050">a|||||||||||||</controlfield>
          <controlfield tag="051">mk||||||</controlfield>
          <datafield tag="064" ind1="a" ind2="1">
            <subfield code="a">Aufsatzsammlung</subfield>
            <subfield code="9">(DE-588)4143413-4</subfield>
          </datafield>
          <datafield tag="070" ind1="-" ind2="1">
            <subfield code="a">385</subfield>
          </datafield>
          <datafield tag="080" ind1="-" ind2="1">
            <subfield code="a">60</subfield>
          </datafield>
          <datafield tag="100" ind1="b" ind2="1">
            <subfield code="p">Nelson, John S.</subfield>
            <subfield code="d">1950-</subfield>
            <subfield code="b">[Hrsg.]</subfield>
            <subfield code="9">(DE-588)172283159</subfield>
          </datafield>
          <datafield tag="200" ind1="b" ind2="1">
            <subfield code="e">Shambaugh Conference on Political Theory</subfield>
            <subfield code="d">1981</subfield>
            <subfield code="c">Iowa City, Iowa</subfield>
            <subfield code="9">(DE-588)5216315-5</subfield>
          </datafield>
          <datafield tag="201" ind1="-" ind2="1">
            <subfield code="e">Conference on Political Theory</subfield>
            <subfield code="d">1981</subfield>
            <subfield code="c">Iowa City, Iowa</subfield>
          </datafield>
          <datafield tag="331" ind1="-" ind2="1">
            <subfield code="a">What should political theory be now?</subfield>
          </datafield>
          <datafield tag="335" ind1="-" ind2="1">
            <subfield code="a">Essays from the Shambaugh Conference on Political Theory</subfield>
          </datafield>
          <datafield tag="359" ind1="-" ind2="1">
            <subfield code="a">ed. by John S. Nelson</subfield>
          </datafield>
          <datafield tag="410" ind1="-" ind2="1">
            <subfield code="a">Albany, N. Y.</subfield>
          </datafield>
          <datafield tag="412" ind1="-" ind2="1">
            <subfield code="a">State Univ. of New York Pr.</subfield>
          </datafield>
          <datafield tag="425" ind1="a" ind2="1">
            <subfield code="a">1983</subfield>
          </datafield>
          <datafield tag="433" ind1="-" ind2="1">
            <subfield code="a">XV, 607 S.</subfield>
          </datafield>
          <datafield tag="451" ind1="-" ind2="1">
            <subfield code="a">SUNY series in political theory</subfield>
          </datafield>
          <datafield tag="540" ind1="a" ind2="1">
            <subfield code="a">0-87395-694-X</subfield>
          </datafield>
          <datafield tag="540" ind1="a" ind2="1">
            <subfield code="a">0-87395-695-8</subfield>
          </datafield>
          <datafield tag="902" ind1="-" ind2="1">
            <subfield code="s">Politische Wissenschaft</subfield>
            <subfield code="9">(DE-588)4076229-4</subfield>
          </datafield>
          <controlfield tag="SYS">001147030</controlfield>
          <datafield tag="952" ind1="-" ind2="1">
            <subfield code="s">Politikwissenschaften</subfield>
          </datafield>
          <datafield tag="952" ind1="-" ind2="1">
            <subfield code="s">Politikwissenschaft</subfield>
          </datafield>
          <datafield tag="952" ind1="-" ind2="1">
            <subfield code="s">Politologie</subfield>
          </datafield>
          <datafield tag="088" ind1=" " ind2=" ">
            <subfield code="a">6/015</subfield>
            <subfield code="c">G 3913/912</subfield>
            <subfield code="e">keine Angabe</subfield>
          </datafield>
          <datafield tag="088" ind1=" " ind2=" ">
            <subfield code="a">385</subfield>
            <subfield code="b">38</subfield>
            <subfield code="c">EA/sb23773</subfield>
            <subfield code="e">Normalausleihe</subfield>
          </datafield>
          <datafield tag="700" ind1=" " ind2="9">
            <subfield code="a">38=EA</subfield>
            <subfield code="2">T0011</subfield>
          </datafield>
        </record>
      </metadata>
    </record>
  </ListRecords>
</OAI-PMH>
